@article{2014KJ00009395951,
  title   = {暗黒エネルギーと修正重力理論 （解説）},
  author  = {辻川, 信二},
  year    = {2014},
  journal = {日本物理学会誌},
  doi     = {10.11316/butsuri.69.7_444},
  langid  = {japanese},
  number  = {7},
  pages   = {444-452},
  volume  = {69},
}

@article{2023ApJ...944..124T,
  title         = {{Using Machine Learning to Determine Morphologies of $z < 1$ AGN Host Galaxies in the Hyper Suprime-Cam Wide Survey}},
  author        = {{Tian}, Chuan and {Urry}, C. Megan and {Ghosh}, Aritra and {Ofman}, Ryan and {Ananna}, Tonima Tasnim and {Auge}, Connor and {Cappelluti}, Nico and {Powell}, Meredith C. and {Sanders}, David B. and {Schawinski}, Kevin and {Stark}, Dominic and {Tremblay}, Grant R.},
  year          = 2023,
  journal       = {\apss},
  adsnote       = {Provided by the SAO/NASA Astrophysics Data System},
  adsurl        = {https://ui.adsabs.harvard.edu/abs/2023ApJ...944..124T},
  archiveprefix = {arXiv},
  doi           = {10.3847/1538-4357/acad79},
  eid           = {124},
  eprint        = {2212.09984},
  keywords      = {Active galactic nuclei, Galaxies, Galaxy classification systems, Astronomy data analysis, Neural networks, Convolutional neural networks, AGN host galaxies, 16, 573, 582, 1858, 1933, 1938, 2017, Astrophysics - Astrophysics of Galaxies, Astrophysics - Instrumentation and Methods for Astrophysics, Computer Science - Machine Learning},
  month         = feb,
  number        = {2},
  pages         = {124},
  primaryclass  = {astro-ph.GA},
  volume        = {944},
}

@article{G_ng_r_2021,
  title     = {A classical, non-singular, bouncing universe},
  author    = {{\"O}zen{\c{c}} G{\"u}ng{\"o}r and Glenn D. Starkman},
  year      = {2021},
  journal   = {Journal of Cosmology and Astroparticle Physics},
  publisher = {{IOP} Publishing},
  doi       = {10.1088/1475-7516/2021/04/003},
  number    = {04},
  pages     = {003},
  url       = {https://doi.org/10.1088%2F1475-7516%2F2021%2F04%2F003},
  volume    = {2021},
}

@misc{howtocite,
  title        = {{How To Cite a Research Paper: Citation Styles Guide}},
  author       = {Imed Bouchrika},
  editor       = {Research.com},
  date         = {2021-05-01},
  howpublished = {\url{https://research.com/research/how-to-cite-a-research-paper}},
  note         = {[Accessed: Apr. 07, 2022]},
  organization = {Research.com},
  type         = {techreport},
  url          = {\url{https://research.com/research/how-to-cite-a-research-paper}},
  urldate      = {2021-05-01},
}

@article{Planck:2018vyg,
  title         = {{Planck 2018 results. VI. Cosmological parameters}},
  author        = {Aghanim, N. and others},
  year          = {2020},
  journal       = {Astron. Astrophys.},
  archiveprefix = {arXiv},
  collaboration = {Planck Collaboration},
  doi           = {10.1051/0004-6361/201833910},
  eprint        = {1807.06209},
  note          = {[Erratum: Astron.Astrophys. 652, C4 (2021)]},
  pages         = {A6},
  primaryclass  = {astro-ph.CO},
  volume        = {641},
}

@book{taniguchi2018galaxy,
  title     = {銀河I 銀河と宇宙の階層構造},
  editor    = {谷口, 義明 and 岡村, 定矩 and 祖父江, 義明},
  year      = {2018},
  publisher = {日本評論社},
  address   = {東京},
  edition   = {第2版},
  isbn      = {978-4-535-60754-5},
  langid    = {japanese},
  note      = {日本語の参考文献},
  series    = {シリーズ現代の天文学},
  url       = {https://www.nippyo.co.jp/shop/book/7254.html},
  volume    = {4},
}

@article{Tsutomu2018,
  title   = {特異点のない宇宙とその不安定性},
  author  = {小林,努},
  year    = {2018},
  journal = {日本物理学会誌},
  doi     = {10.11316/butsuri.73.4_221},
  langid  = {japanese},
  number  = {4},
  pages   = {221-226},
  volume  = {73},
}

@book{学術論文の書き方・発表の仕方,
  title     = {学術論文の書き方・発表の仕方},
  author    = {西巻, 正郎 and others},
  editor    = {電子情報通信学会},
  year      = {1976},
  publisher = {コロナ社},
  langid    = {japanese},
}

@book{梶野洸2024-01-19,
  title     = {強化学習から信頼できる意思決定へ (AI/データサイエンスライブラリ“基礎から応用へ” 5)},
  author    = {梶野, 洸 and 宮口, 航平 and 恐神, 貴行 and 岩城, 諒 and 和地, 瞭良},
  year      = {2024},
  publisher = {サイエンス社},
  condition = {新品},
  date      = {2024-01-19},
  day       = {19},
  edition   = {単行本},
  isbn      = {978-4781915920},
  isbn10    = {4781915922},
  keywords  = {人工知能, a8f65892-81a4-4399-8dff-f293a701bfe0_6601, a8f65892-81a4-4399-8dff-f293a701bfe0_6401, a8f65892-81a4-4399-8dff-f293a701bfe0_7601, 科学・テクノロジー(Kindle本を除く)},
  langid    = {japanese},
  month     = {1},
  pages     = {256},
  price     = {￥2,860},
  timestamp = {2024-12-16},
  url       = {https://lead.to/amazon/jp/?op=bt&la=ja&key=4781915922},
  url-am    = {https://www.amazon.co.jp/dp/4781915922/},
  url-ci    = {https://ci.nii.ac.jp/books/search?advanced=true&isbn=9784781915920},
  url-go    = {https://books.google.com/books?isbn=9784781915920},
  url-wo    = {https://www.worldcat.org/search?qt=l2a&q=isbn%3A9784781915920},
}

@book{小形正男2024-09-21,
  title     = {物性物理のための場の理論・グリーン関数[第2版]: 量子多体系をどう解くか? (SGCライブラリ 193)},
  author    = {小形, 正男},
  year      = {2024},
  publisher = {サイエンス社},
  condition = {新品},
  date      = {2024-09-21},
  day       = {21},
  edition   = {単行本},
  isbn      = {978-4781916132},
  isbn10    = {4781916139},
  keywords  = {物理学, a8f65892-81a4-4399-8dff-f293a701bfe0_6601, a8f65892-81a4-4399-8dff-f293a701bfe0_6401, a8f65892-81a4-4399-8dff-f293a701bfe0_7601, 科学・テクノロジー(Kindle本を除く)},
  langid    = {japanese},
  month     = {9},
  pages     = {248},
  price     = {￥2,970},
  timestamp = {2024-12-12},
  url       = {https://lead.to/amazon/jp/?op=bt&la=ja&key=4781916139},
  url-am    = {https://www.amazon.co.jp/dp/4781916139/},
  url-ci    = {https://ci.nii.ac.jp/books/search?advanced=true&isbn=9784781916132},
  url-go    = {https://books.google.com/books?isbn=9784781916132},
  url-wo    = {https://www.worldcat.org/search?qt=l2a&q=isbn%3A9784781916132},
}

@book{前田恵一2024-10-23,
  title     = {演習形式で学ぶ一般相対性理論 (SGCライブラリ 194)},
  author    = {前田, 恵一 and 田辺, 誠},
  year      = {2024},
  publisher = {サイエンス社},
  condition = {新品},
  date      = {2024-10-23},
  day       = {23},
  edition   = {単行本},
  isbn      = {978-4781916156},
  isbn10    = {4781916155},
  keywords  = {物理学, a8f65892-81a4-4399-8dff-f293a701bfe0_6601, a8f65892-81a4-4399-8dff-f293a701bfe0_6401, a8f65892-81a4-4399-8dff-f293a701bfe0_7601, 科学・テクノロジー(Kindle本を除く)},
  langid    = {japanese},
  month     = {10},
  pages     = {232},
  price     = {￥2,860},
  timestamp = {2024-12-17},
  url       = {https://lead.to/amazon/jp/?op=bt&la=ja&key=4781916155},
  url-am    = {https://www.amazon.co.jp/dp/4781916155/},
  url-ci    = {https://ci.nii.ac.jp/books/search?advanced=true&isbn=9784781916156},
  url-go    = {https://books.google.com/books?isbn=9784781916156},
  url-wo    = {https://www.worldcat.org/search?qt=l2a&q=isbn%3A9784781916156},
}

@misc{卒論修論テンプレート,
  title        = {{卒論修論 \LaTeX テンプレート}},
  author       = {岡島, 寛},
  date         = {2024-09-19},
  howpublished = {\url{https://researchmap.jp/read0203288/published_works}},
  langid       = {japanese},
  note         = {[Accessed: Oct. 18, 2024]},
  urldate      = {2024-09-19},
}
@book{木下是雄2001理科系の作文技術,
  title     = {理科系の作文技術},
  author    = {木下, 是雄},
  year      = {2001},
  publisher = {中央公論新社},
  langid    = {japanese},
}
